@misc{Ookla,
author = {Ookla},
title = {{Speedtest}},
url = {https://www.speedtest.net/}
}
